% Encoding: UTF-8

@Article{Harchaoui2015,
  author     = {Harchaoui, Zaid and Juditsky, Anatoli and Nemirovski, Arkadi},
  title      = {Conditional gradient algorithms for norm-regularized smooth convex optimization},
  journal    = {Math. Program.},
  year       = {2015},
  volume     = {152},
  number     = {1-2, Ser. A},
  pages      = {75--112},
  issn       = {0025-5610},
  doi        = {10.1007/s10107-014-0778-9},
  fjournal   = {Mathematical Programming},
  mrclass    = {90C25 (68T05 90C90 94A12)},
  mrnumber   = {3369477},
  mrreviewer = {J. S\'{a}ndor},
}

@Article{Kunisch2021,
  author        = {Karl Kunisch and Daniel Walter},
  title         = {On fast convergence rates for generalized conditional gradient methods with backtracking stepsize},
  journal       = {Numer. Algebra Control Optim.},
  year          = {2022},
  __markedentry = {[milz:6]},
  doi           = {10.3934/naco.2022026},
}

@InCollection{Dunn1994,
  author    = {Dunn, J. C.},
  title     = {Gradient-Related Constrained Minimization Algorithms in Function Spaces: {C}onvergence Properties and Computational Implications},
  booktitle = {Large Scale Optimization},
  publisher = {Springer},
  year      = {1994},
  editor    = {Hager, W. W. and Hearn, D. W. and Pardalos, P. M.},
  address   = {Bosten},
  doi       = {10.1007/978-1-4613-3632-7_6},
}

@Article{Dunn1980,
  author     = {Dunn, J. C.},
  title      = {Convergence rates for conditional gradient sequences generated by implicit step length rules},
  journal    = {SIAM J. Control Optim.},
  year       = {1980},
  volume     = {18},
  number     = {5},
  pages      = {473--487},
  issn       = {0363-0129},
  doi        = {10.1137/0318035},
  fjournal   = {SIAM Journal on Control and Optimization},
  mrclass    = {49D07 (65K10)},
  mrnumber   = {586165},
  mrreviewer = {Ya. I. Al\cprime ber},
}

@Article{Dunn1978,
  author     = {Dunn, J. C. and Harshbarger, S.},
  title      = {Conditional gradient algorithms with open loop step size rules},
  journal    = {J. Math. Anal. Appl.},
  year       = {1978},
  volume     = {62},
  number     = {2},
  pages      = {432--444},
  issn       = {0022-247X},
  doi        = {10.1016/0022-247X(78)90137-3},
  fjournal   = {Journal of Mathematical Analysis and Applications},
  mrclass    = {49D10 (65K05 90C99)},
  mrnumber   = {487704},
  mrreviewer = {M. Z. Nashed},
}

@Book{Demyanov1970,
  title     = {Approximate methods in optimization problems},
  publisher = {Elsevier},
  year      = {1970},
  author    = {Demyanov, Vladimir F. and Rubinov, Aleksandr M.},
  address   = {New York},
  mrclass   = {49.20 (65.00)},
  mrnumber  = {0266018},
  pages     = {ix+256},
}

@Article{Besancon2022,
  author  = {Besan\c{c}on, Mathieu and Carderera, Alejandro and Pokutta, Sebastian},
  title   = {FrankWolfe.jl: A High-Performance and Flexible Toolbox for Frankâ€“Wolfe Algorithms and Conditional Gradients},
  journal = {INFORMS Journal on Computing},
  year    = {2022},
  volume  = {0},
  number  = {0},
  pages   = {null},
  doi     = {10.1287/ijoc.2022.1191},
}

@TechReport{Nordaas2016,
  author = {Magne Nordaas and Simon W. Funke},
  title  = {The {M}oola optimisation package},
  year   = {2016},
  type   = {\url{https://github.com/funsim/moola}},
}

@Article{Mitusch2019,
  author    = {Sebastian K. Mitusch and Simon W. Funke and J{\o}rgen S. Dokken},
  title     = {dolfin-adjoint \normalfont{2018.1}: automated adjoints for {FEniCS} and {F}iredrake},
  journal   = {J. Open Source Softw.},
  year      = {2019},
  volume    = {4},
  number    = {38},
  pages     = {1292},
  doi       = {10.21105/joss.01292},
  publisher = {The Open Journal},
}

@Article{Alnes2015,
  author    = {Aln{\ae}s, M. S. and Blechta, J and Hake, J. and Johansson, A and Kehlet, B and Logg, A. and Richardson, C and Ring, J and Rognes, M. E and Wells, G. N.},
  title     = {The {FE}ni{CS} {P}roject {V}ersion \textnormal{1.5}},
  journal   = {Arch. Numer. Software},
  year      = {2015},
  volume    = {3},
  number    = {100},
  pages     = {9--23},
  doi       = {10.11588/ans.2015.100.20553},
  groups    = {FEniCS/UFL/Dolfin},
  owner     = {jomi},
  timestamp = {2019.07.09},
}

@Misc{Doikov2021,
  author       = {Doikov, Nikita and Nesterov, Yurii},
  title        = {Gradient Regularization of {N}ewton Method with {B}regman Distances},
  howpublished = {Georgia Tech},
  year         = {2021},
  copyright    = {arXiv.org perpetual, non-exclusive license},
  doi          = {10.48550/ARXIV.2112.02952},
  keywords     = {Optimization and Control (math.OC), FOS: Mathematics, FOS: Mathematics},
  publisher    = {arXiv},
  url          = {https://arxiv.org/abs/2112.02952},
}

@Article{Levitin1966,
  author  = {E. S. Levitin and Boris T. Polyak},
  title   = {Constrained Minimization Methods},
  journal = {USSR Computational Mathematics and Mathematical Physics},
  year    = {1966},
  volume  = {6},
  number  = {5},
  pages   = {1--50},
  doi     = {10.1016/0041-5553(66)90114-5},
}

@Misc{Ben-Tal2021/2022,
  author = {A. Ben-Tal and A. Nemirovski},
  title  = {Lectures on Modern Convex Optimization},
  year   = {2021/2022},
  note   = {Lecture notes},
  url    = {http://www2.isye.gatech.edu/~nemirovs/LMCOLN2022Fall.pdf},
}

@Article{Casas2021a,
  author     = {Casas, Eduardo and Mateos, Mariano},
  title      = {State error estimates for the numerical approximation of sparse distributed control problems in the absence of {T}ikhonov regularization},
  journal    = {Vietnam J. Math.},
  year       = {2021},
  volume     = {49},
  number     = {3},
  pages      = {713--738},
  issn       = {2305-221X},
  doi        = {10.1007/s10013-021-00491-x},
  fjournal   = {Vietnam Journal of Mathematics},
  mrclass    = {49M41 (35J61 49K30 49M25)},
  mrnumber   = {4298694},
  mrreviewer = {Honghu Liu},
}

@Article{Wachsmuth2011,
  author    = {Wachsmuth, Gerd and Wachsmuth, Daniel},
  title     = {Convergence and regularization results for optimal control problems with sparsity functional},
  journal   = {ESAIM Control. Optim. Calc. Var.},
  year      = {2011},
  volume    = {17},
  number    = {3},
  pages     = {858--886},
  doi       = {10.1051/cocv/2010027},
  groups    = {Sparse},
  owner     = {jomi},
  publisher = {EDP Sciences},
  timestamp = {2019.10.08},
}

@Comment{jabref-meta: databaseType:bibtex;}
