@Article{Funke2016,
  author   = {S. W. Funke and S. C. Kramer and M. D. Piggott},
  title    = {Design optimisation and resource assessment for tidal-stream renewable energy farms using a new continuous turbine approach},
  journal  = {Renew. Energ.},
  year     = {2016},
  volume   = {99},
  pages    = {1046-1061},
  issn     = {0960-1481},
  doi      = {10.1016/j.renene.2016.07.039},
  keywords = {Marine renewable energy, Tidal stream turbines, Optimisation, Shallow water equations, Resource assessment, Pentland Firth},
}

@TechReport{Nordaas2016,
  author = {Magne Nordaas and Simon W. Funke},
  title  = {The {M}oola optimisation package},
  year   = {2016},
  url    = {https://github.com/funsim/moola},
}

@Article{Alnaes2015,
  author    = {Aln{\ae}s, M. S. and Blechta, J and Hake, J. and Johansson, A and Kehlet, B and Logg, A. and Richardson, C and Ring, J and Rognes, M. E and Wells, G. N.},
  journal   = {Arch. Numer. Software},
  title     = {The {FE}ni{CS} {P}roject {V}ersion \textnormal{1.5}},
  year      = {2015},
  number    = {100},
  pages     = {9--23},
  volume    = {3},
  doi       = {10.11588/ans.2015.100.20553},
  groups    = {FEniCS/UFL/Dolfin},
  owner     = {jomi},
  timestamp = {2019.07.09},
}

@InCollection{Piggott2022,
  author    = {Matthew D. Piggott and Stephan C. Kramer and Simon W. Funke and David M. Culley and Athanasios Angeloudis},
  booktitle = {Comprehensive Renewable Energy},
  publisher = {Elsevier},
  title     = {8.10 - Optimization of Marine Renewable Energy Systems},
  year      = {2022},
  address   = {Oxford},
  edition   = {2nd},
  editor    = {Trevor M. Letcher},
  pages     = {176--220},
  volume    = {8},
  doi       = {10.1016/b978-0-12-819727-1.00179-5},
}

@Book{Schwedes2017,
  title     = {{M}esh {D}ependence in {PDE}-{C}onstrained {O}ptimisation},
  publisher = {Springer},
  year      = {2017},
  author    = {Schwedes, Tobias and Ham, David A. and Funke, Simon W. and Piggott, Matthew D.},
  series    = {SpringerBriefs Math. Planet Earth},
  address   = {Cham},
  doi       = {10.1007/978-3-319-59483-5},
  groups    = {PDE},
  owner     = {jomi},
  timestamp = {2019.03.05},
}

@Article{Funke2014,
  author    = {S. W. Funke and P. E. Farrell and M. D. Piggott},
  title     = {Tidal turbine array optimisation using the adjoint approach},
  journal   = {Renewable Energy},
  year      = {2014},
  volume    = {63},
  pages     = {658--673},
  issn      = {0960-1481},
  doi       = {10.1016/j.renene.2013.09.031},
  groups    = {PDESOApplications},
  owner     = {jomi},
  timestamp = {2020.12.18},
}

@Article{Mitusch2019,
  author    = {Sebastian K. Mitusch and Simon W. Funke and J{\o}rgen S. Dokken},
  title     = {dolfin-adjoint \normalfont{2018.1}: automated adjoints for {FEniCS} and {F}iredrake},
  journal   = {J. Open Source Softw.},
  year      = {2019},
  volume    = {4},
  number    = {38},
  pages     = {1292},
  doi       = {10.21105/joss.01292},
  publisher = {The Open Journal},
}

@Software{Schwedes2016,
  author    = {Schwedes, Tobias and Ham, David and Funke, Simon Wolfgang},
  doi       = {10.5281/zenodo.224251},
  publisher = {Zenodo},
  title     = {Code for simulations in Chapter 3 of ResearchBrief},
  year      = {2016},
}

@Comment{jabref-meta: databaseType:bibtex;}
